@misc{StateOfJs,
    author = "{RaphaÃ«l Benitte, Sacha Greif and Michael Rambeau}",
    title = "The State of JavaScript 2017",
    year = "2017",
    howpublished = "\url{https://stateofjs.com/2017/connections/}",
    note = "[Online; accessed 17-June-2018]"
  }


@inproceedings{DBLP:conf/ecoop/BiermanAT14,
  author    = {Gavin M. Bierman and
               Mart{\'{\i}}n Abadi and
               Mads Torgersen},
  title     = {Understanding TypeScript},
  booktitle = {{ECOOP} 2014 - Object-Oriented Programming - 28th European Conference,
               Uppsala, Sweden, July 28 - August 1, 2014. Proceedings},
  pages     = {257--281},
  year      = {2014},
  crossref  = {DBLP:conf/ecoop/2014},
  url       = {https://doi.org/10.1007/978-3-662-44202-9_11},
  doi       = {10.1007/978-3-662-44202-9_11},
  timestamp = {Tue, 18 Jul 2017 16:43:00 +0200},
  biburl    = {https://dblp.org/rec/bib/conf/ecoop/BiermanAT14},
  bibsource = {dblp computer science bibliography, https://dblp.org}
}

@inproceedings{DBLP:conf/icse/GaoBB17,
  author    = {Zheng Gao and
               Christian Bird and
               Earl T. Barr},
  title     = {To type or not to type: quantifying detectable bugs in JavaScript},
  booktitle = {Proceedings of the 39th International Conference on Software Engineering,
               {ICSE} 2017, Buenos Aires, Argentina, May 20-28, 2017},
  pages     = {758--769},
  year      = {2017},
  crossref  = {DBLP:conf/icse/2017},
  url       = {https://doi.org/10.1109/ICSE.2017.75},
  doi       = {10.1109/ICSE.2017.75},
  timestamp = {Thu, 07 Sep 2017 09:27:12 +0200},
  biburl    = {https://dblp.org/rec/bib/conf/icse/GaoBB17},
  bibsource = {dblp computer science bibliography, https://dblp.org}
}

@inproceedings{DBLP:conf/icse/TanXCLYS17,
  author    = {Tian Huat Tan and
               Yinxing Xue and
               Manman Chen and
               Shuang Liu and
               Yi Yu and
               Jun Sun},
  title     = {JSFox: integrating static and dynamic type analysis of JavaScript
               programs},
  booktitle = {Proceedings of the 39th International Conference on Software Engineering,
               {ICSE} 2017, Buenos Aires, Argentina, May 20-28, 2017 - Companion
               Volume},
  pages     = {256--258},
  year      = {2017},
  crossref  = {DBLP:conf/icse/2017c},
  url       = {https://doi.org/10.1109/ICSE-C.2017.91},
  doi       = {10.1109/ICSE-C.2017.91},
  timestamp = {Sun, 29 Oct 2017 09:38:54 +0100},
  biburl    = {https://dblp.org/rec/bib/conf/icse/TanXCLYS17},
  bibsource = {dblp computer science bibliography, https://dblp.org}
}



@inproceedings{DBLP:conf/sas/JensenMT09,
  author    = {Simon Holm Jensen and
               Anders M{\o}ller and
               Peter Thiemann},
  title     = {Type Analysis for JavaScript},
  booktitle = {Static Analysis, 16th International Symposium, {SAS} 2009, Los Angeles,
               CA, USA, August 9-11, 2009. Proceedings},
  pages     = {238--255},
  year      = {2009},
  crossref  = {DBLP:conf/sas/2009},
  url       = {https://doi.org/10.1007/978-3-642-03237-0_17},
  doi       = {10.1007/978-3-642-03237-0_17},
  timestamp = {Wed, 24 May 2017 08:27:54 +0200},
  biburl    = {https://dblp.org/rec/bib/conf/sas/JensenMT09},
  bibsource = {dblp computer science bibliography, https://dblp.org}
}

@proceedings{DBLP:conf/ecoop/2014,
  editor    = {Richard E. Jones},
  title     = {{ECOOP} 2014 - Object-Oriented Programming - 28th European Conference,
               Uppsala, Sweden, July 28 - August 1, 2014. Proceedings},
  series    = {Lecture Notes in Computer Science},
  volume    = {8586},
  publisher = {Springer},
  year      = {2014},
  url       = {https://doi.org/10.1007/978-3-662-44202-9},
  doi       = {10.1007/978-3-662-44202-9},
  isbn      = {978-3-662-44201-2},
  timestamp = {Tue, 18 Jul 2017 16:43:00 +0200},
  biburl    = {https://dblp.org/rec/bib/conf/ecoop/2014},
  bibsource = {dblp computer science bibliography, https://dblp.org}
}

@proceedings{DBLP:conf/icse/2017,
  editor    = {Sebasti{\'{a}}n Uchitel and
               Alessandro Orso and
               Martin P. Robillard},
  title     = {Proceedings of the 39th International Conference on Software Engineering,
               {ICSE} 2017, Buenos Aires, Argentina, May 20-28, 2017},
  publisher = {{IEEE} / {ACM}},
  year      = {2017},
  url       = {http://dl.acm.org/citation.cfm?id=3097368},
  isbn      = {978-1-5386-3868-2},
  timestamp = {Mon, 22 May 2017 14:16:54 +0200},
  biburl    = {https://dblp.org/rec/bib/conf/icse/2017},
  bibsource = {dblp computer science bibliography, https://dblp.org}
}

@proceedings{DBLP:conf/icse/2017c,
  editor    = {Sebasti{\'{a}}n Uchitel and
               Alessandro Orso and
               Martin P. Robillard},
  title     = {Proceedings of the 39th International Conference on Software Engineering,
               {ICSE} 2017, Buenos Aires, Argentina, May 20-28, 2017 - Companion
               Volume},
  publisher = {{IEEE} Computer Society},
  year      = {2017},
  url       = {http://ieeexplore.ieee.org/xpl/mostRecentIssue.jsp?punumber=7961434},
  isbn      = {978-1-5386-1589-8},
  timestamp = {Fri, 07 Jul 2017 14:06:36 +0200},
  biburl    = {https://dblp.org/rec/bib/conf/icse/2017c},
  bibsource = {dblp computer science bibliography, https://dblp.org}
}

@proceedings{DBLP:conf/sas/2009,
  editor    = {Jens Palsberg and
               Zhendong Su},
  title     = {Static Analysis, 16th International Symposium, {SAS} 2009, Los Angeles,
               CA, USA, August 9-11, 2009. Proceedings},
  series    = {Lecture Notes in Computer Science},
  volume    = {5673},
  publisher = {Springer},
  year      = {2009},
  url       = {https://doi.org/10.1007/978-3-642-03237-0},
  doi       = {10.1007/978-3-642-03237-0},
  isbn      = {978-3-642-03236-3},
  timestamp = {Wed, 24 May 2017 08:27:54 +0200},
  biburl    = {https://dblp.org/rec/bib/conf/sas/2009},
  bibsource = {dblp computer science bibliography, https://dblp.org}
}
